@phdthesis {arg:thesis,
  author = "Andrew Gainer",
  title = "{$\Gamma$}-species, quotients, and graph enumeration",
  school = "Brandeis University",
  year = "2012",
  archivePrefix = "arXiv",
  eprint = {1204.1402},
  primaryClass = "math.CO",
}

@unpublished {arg:silfree,
  author = "Andrew Gainer and Ruth Charney",
  title = "On SIL-freedom in random graphs",
  note = "To fulfill requirements for minor exam",
  year = "2011",
}

@unpublished {arg:plbound,
  author = "Andrew Gainer and Margaret Symington",
  title = "PL boundaries of surfaces which immerse isometrically in {$\mathbf{R}^2$}",
  note = "Undergraduate honors thesis",
  year = "2007",
}

@unpublished {arg:vcyc,
  author = "Andrew Gainer and Katelyn Parker and Lisa Lackney and Kimberly Pearson",
  title = "Virtually cyclic subgroups of three-dimensional crystallographic groups",
  note = "Results of VERUM REU",
  year = "2005",
}